@article{makowski2022structure,
  doi       = {10.3390/e24081036},
  url       = {https://doi.org/10.3390/e24081036},
  year      = {2022},
  month     = jul,
  publisher = {{MDPI} {AG}},
  volume    = {24},
  number    = {8},
  pages     = {1036},
  author    = {Dominique Makowski and An Shu Te and Tam Pham and Zen Juen Lau and S. H. Annabel Chen},
  title     = {The Structure of Chaos: An Empirical Comparison of Fractal Physiology Complexity Indices Using {NeuroKit}2},
  journal   = {Entropy}
}

@article{makowski2021neurokit2,
  title     = {NeuroKit2: A Python toolbox for neurophysiological signal processing},
  author    = {Makowski, Dominique and Pham, Tam and Lau, Zen J and Brammer, Jan C and Lespinasse, Fran{\c{c}}ois and Pham, Hung and Sch{\"o}lzel, Christopher and Chen, SH},
  journal   = {Behavior research methods},
  volume    = {53},
  number    = {4},
  pages     = {1689--1696},
  year      = {2021},
  publisher = {Springer}
}

@article{pham2021heart,
  title     = {Heart Rate Variability in psychology: A review of HRV indices and an analysis tutorial},
  author    = {Pham, Tam and Lau, Zen Juen and Chen, SH and Makowski, Dominique},
  journal   = {Sensors},
  volume    = {21},
  number    = {12},
  pages     = {3998},
  year      = {2021},
  publisher = {Multidisciplinary Digital Publishing Institute}
}

@article{lau2021brain,
  title     = {Brain Entropy, Fractal Dimensions and Predictability: A Review of Complexity Measures for EEG in Healthy and Neuropsychiatric Populations},
  author    = {Lau, Zen Juen and Pham, Tam and Annabel, SH and Makowski, Dominique},
  year      = {2021},
  publisher = {PsyArXiv}
}

@software{scholzel2019nolds,
  author    = {Sch√∂lzel, Christopher},
  title     = {Nonlinear measures for dynamical systems},
  month     = jun,
  year      = 2019,
  publisher = {Zenodo},
  version   = {0.5.2},
  doi       = {10.5281/zenodo.3814723},
  url       = {https://doi.org/10.5281/zenodo.3814723}
}


@article{chon2009approximate,
  title     = {Approximate entropy for all signals},
  author    = {Chon, Ki H and Scully, Christopher G and Lu, Sheng},
  journal   = {IEEE engineering in medicine and biology magazine},
  volume    = {28},
  number    = {6},
  pages     = {18--23},
  year      = {2009},
  publisher = {IEEE}
}
@article{lu2008automatic,
  title     = {Automatic selection of the threshold value $ r $ for approximate entropy},
  author    = {Lu, Sheng and Chen, Xinnian and Kanters, J{\o}rgen K and Solomon, Irene C and Chon, Ki H},
  journal   = {IEEE Transactions on Biomedical Engineering},
  volume    = {55},
  number    = {8},
  pages     = {1966--1972},
  year      = {2008},
  publisher = {IEEE}
}

@article{chen2008parameter,
  title   = {Parameter selection criteria in approximate entropy and sample entropy with application to neural respiratory signals},
  author  = {Chen, X and Solomon, IC and Chon, KH},
  journal = {Am. J. Physiol. Regul. Integr. Comp. Physiol., to be published},
  year    = {2008}
}

@article{pincus1992approximate,
  title   = {Approximate entropy: a regularity measure for fetal heart rate analysis.},
  author  = {Pincus, Steven M and Viscarello, Richard R},
  journal = {Obstetrics and gynecology},
  volume  = {79},
  number  = {2},
  pages   = {249--255},
  year    = {1992}
}